

@article{vamsi,
author = {C. Hinrichs, V.K. Ithapu, Q. Sun, S.C. Johnson, V. Singh},
title = {Speeding Up Permutation Testing in Neuroimaging},
journal = {Neural Information Processing Systems},
pages = {890--898}, 
year = 2013
}


